@Comment An academic article
@Article{Ansc73Grap,
  author       = {F. J. Anscombe},
  title        = {Graphs in Statistical Analysis},
  journal      = {The American Statistician},
  year         = 1973,
  volume       = 27,
  pages        = {17-21},
  url          = {http://www.jstor.org/stable/2682899}
}

@Comment A newspaper article. We abuse the "year" a bit to give us a date
@Article{Space2021,
  author       = {Space, Phil},
  year         = {26 February 2021},
  title        = {Why oh why must {I} do this project?},
  journal      = {The Daily Post},
  url          = {https://www.dailypost.com},
  note         = {Retrieved on 28 February 2021}
}

@Comment A Wikipedia article. A Wikipedia article can sometimes be the most
@Comment appropriate source, but check the sources cited in the
@Comment Wikipedia article, as it's usually better to cite the most
@Comment original source.
@misc{ wiki:plagarism,
   author = "{Wikipedia contributors}",
   title = "Plagiarism -- {W}ikipedia{,} The Free Encyclopedia",
   year = "2004",
   url = "https://en.wikipedia.org/w/index.php?title=Plagiarism&oldid=5139350",
   note = "[Online; accessed 22-July-2004]"
 }