 @misc{OGL, 
 title={Open Government Licence 3.0}, url={http://www.nationalarchives.gov.uk/doc/open-government-licence/version/3/}, 
 author={The National Archives},
 note = "[Online; accessed 9 April 2021]"
 } 

@Article{bike-share1,
  author       = {Alexandra Kanik},
  year         = {26 July 2020},
  title        = {The decisions cities made about coronavirus had a big impact on bike-share ridership},
  journal      = {City Monitor},
  url          = {https://citymonitor.ai/transport/the-decisions-cities-made-about-coronavirus-had-a-big-impact-on-bike-share-ridership},
  note         = {Retrieved on 9 April 2021}
}


@Article{bike-share2,
  author       = {Roger Harrabin},
  year         = {7 May 2020},
  title        = {Coronavirus: Boom time for bikes as virus changes lifestyles},
  journal      = {BBC News},
  url          = {https://www.bbc.com/news/business-52564351},
  note         = {Retrieved on 9 April 2021}
}

@misc{bike-share-dataset,
  author = {Just Eat Cycles},
  year = {"2021"},
  title = {"Monthly anonymised trip data from Just Eat Cycles"},
  url={"https://edinburghcyclehire.com/open-data/historical"},
  note = {Retrieved on 2 April 2021}
}

@misc{phs-dataset,
  author = {PHS Open Data Team},
  year = {"2021"},
  title = {"Daily COVID-19 Cases in Scotland"},
  url={"https://www.opendata.nhs.scot/dataset/covid-19-in-scotland"},
  note = {Retrieved on 4 April 2021}
}
